
@inproceedings{trabelsi2018deep,
  title={Deep Complex Networks},
  author={Chiheb Trabelsi and Olexa Bilaniuk and Ying Zhang and Dmitriy Serdyuk and   Sandeep Subramanian and Joao Felipe Santos and Soroush Mehri and Negar             Rostamzadeh and Yoshua Bengio and Christopher J Pal},
  booktitle={International Conference on Learning Representations},
  year={2018},
  url={https://openreview.net/forum?id=H1T2hmZAb},
}

@article{Guberman,
  author    = {Nitzan Guberman},
  title     = {On Complex Valued Convolutional Neural Networks},
  journal   = {CoRR},
  volume    = {abs/1602.09046},
  year      = {2016},
  url       = {http://arxiv.org/abs/1602.09046},
  archivePrefix = {arXiv},
  eprint    = {1602.09046},
  timestamp = {Wed, 07 Jun 2017 14:40:22 +0200},
  biburl    = {https://dblp.org/rec/bib/journals/corr/Guberman16},
  bibsource = {dblp computer science bibliography, https://dblp.org}
}

@article{chollet2015keras,
  title={Keras},
  author={Chollet, Fran\c{c}ois and others},
  year={2015},
  published={\url{https://keras.io}},
}

@article{nature,
	author    = {Yann LeCun and
	Yoshua Bengio and
	Geoffrey E. Hinton},
	title     = {Deep learning},
	journal   = {Nature},
	volume    = {521},
	number    = {7553},
	pages     = {436--444},
	year      = {2015},
	url       = {https://doi.org/10.1038/nature14539},
	doi       = {10.1038/nature14539},
	timestamp = {Sat, 20 May 2017 01:00:00 +0200},
	biburl    = {https://dblp.org/rec/bib/journals/nature/LeCunBH15},
	bibsource = {dblp computer science bibliography, https://dblp.org}
}

@article{recent_advances,
	author    = {Jiuxiang Gu and
	Zhenhua Wang and
	Jason Kuen and
	Lianyang Ma and
	Amir Shahroudy and
	Bing Shuai and
	Ting Liu and
	Xingxing Wang and
	Gang Wang},
	title     = {Recent Advances in Convolutional Neural Networks},
	journal   = {CoRR},
	volume    = {abs/1512.07108},
	year      = {2015},
	url       = {http://arxiv.org/abs/1512.07108},
	archivePrefix = {arXiv},
	eprint    = {1512.07108},
	timestamp = {Wed, 23 Aug 2017 06:58:29 +0200},
	biburl    = {https://dblp.org/rec/bib/journals/corr/GuWKMSSLWW15},
	bibsource = {dblp computer science bibliography, https://dblp.org}
}


@article{bloggg,
	title     = {Bringing Parallelism to the Web with River Trail},
	
	url       = {http://intellabs.github.io/RiverTrail/tutorial/},
	
}

@article{bnIoffeS15,
	author    = {Sergey Ioffe and
	Christian Szegedy},
	title     = {Batch Normalization: Accelerating Deep Network Training by Reducing
	Internal Covariate Shift},
	journal   = {CoRR},
	volume    = {abs/1502.03167},
	year      = {2015},
	url       = {http://arxiv.org/abs/1502.03167},
	archivePrefix = {arXiv},
	eprint    = {1502.03167},
	timestamp = {Wed, 07 Jun 2017 14:40:49 +0200},
	biburl    = {https://dblp.org/rec/bib/journals/corr/IoffeS15},
	bibsource = {dblp computer science bibliography, https://dblp.org}
}

@Inbook{LeCun1998,
	author={LeCun, Yann
	and Bottou, Leon
	and Orr, Genevieve B.
	and M{\"u}ller, Klaus -Robert},
	editor={"Orr, Genevieve B.
	and M{\"u}ller, Klaus-Robert},
	title={Efficient BackProp in Neural Networks: Tricks of the Trade},
	year={1998},
	publisher={Springer Berlin Heidelberg},
	address={Berlin, Heidelberg},
	pages={9--50},
	isbn={978-3-540-49430-0},
	doi={10.1007/3-540-49430-8_2},
	url={https://doi.org/10.1007/3-540-49430-8_2}
}


@inproceedings{relu10,
	added-at = {2010-09-06T00:00:00.000+0200},
	author = {Nair, Vinod and Hinton, Geoffrey E.},
	biburl = {https://www.bibsonomy.org/bibtex/2059683ca9b2457d248942520babbe000/dblp},
	booktitle = {ICML},
	crossref = {conf/icml/2010},
	editor = {FÃ¼rnkranz, Johannes and Joachims, Thorsten},
	ee = {http://www.icml2010.org/papers/432.pdf},
	interhash = {acefcb0a5d1a937232f02f3fe0d5ab86},
	intrahash = {059683ca9b2457d248942520babbe000},
	keywords = {dblp},
	pages = {807-814},
	publisher = {Omnipress},
	timestamp = {2015-06-19T11:36:45.000+0200},
	title = {Rectified Linear Units Improve Restricted Boltzmann Machines.},
	url = {http://dblp.uni-trier.de/db/conf/icml/icml2010.html#NairH10},
	year = 2010
}

@inproceedings{nair2010rectified,
	title={Rectified linear units improve restricted boltzmann machines},
	author={Nair, Vinod and Hinton, Geoffrey E},
	booktitle={Proceedings of the 27th international conference on machine learning (ICML-10)},
	pages={807--814},
	year={2010}
}

@inproceedings{krizhevsky2012imagenet,
	title={Imagenet classification with deep convolutional neural networks},
	author={Krizhevsky, Alex and Sutskever, Ilya and Hinton, Geoffrey E},
	booktitle={Advances in neural information processing systems},
	pages={1097--1105},
	year={2012}
}

@article{ArjovskySB15,
	author    = {Mart{\'{\i}}n Arjovsky and
	Amar Shah and
	Yoshua Bengio},
	title     = {Unitary Evolution Recurrent Neural Networks},
	journal   = {CoRR},
	volume    = {abs/1511.06464},
	year      = {2015},
	url       = {http://arxiv.org/abs/1511.06464},
	archivePrefix = {arXiv},
	eprint    = {1511.06464},
	timestamp = {Wed, 07 Jun 2017 14:40:23 +0200},
	biburl    = {https://dblp.org/rec/bib/journals/corr/ArjovskySB15},
	bibsource = {dblp computer science bibliography, https://dblp.org}
}

@article{lecun1989backpropagation,
	title={Backpropagation applied to handwritten zip code recognition},
	author={LeCun, Yann and Boser, Bernhard and Denker, John S and Henderson, Donnie and Howard, Richard E and Hubbard, Wayne and Jackel, Lawrence D},
	journal={Neural computation},
	volume={1},
	number={4},
	pages={541--551},
	year={1989},
	publisher={MIT Press}
}

@article{hubel1959receptive,
	title={Receptive fields of single neurones in the cat's striate cortex},
	author={Hubel, David H and Wiesel, Torsten N},
	journal={The Journal of physiology},
	volume={148},
	number={3},
	pages={574--591},
	year={1959},
	publisher={Wiley Online Library}
}

@article{hubel1962receptive,
	title={Receptive fields, binocular interaction and functional architecture in the cat's visual cortex},
	author={Hubel, David H and Wiesel, Torsten N},
	journal={The Journal of physiology},
	volume={160},
	number={1},
	pages={106--154},
	year={1962},
	publisher={Wiley Online Library}
}

@Inbook{DeepLearning,
	author={Goodfellow, Ian
	and Bengio, Yoshua
	and Aaron, Courville},
	title={Deep Learning},
	year={2016},
	publisher={The MIT Press},
	pages={324--330},

}

@article{rawat2017deep,
	title={Deep convolutional neural networks for image classification: A comprehensive review},
	author={Rawat, Waseem and Wang, Zenghui},
	journal={Neural computation},
	volume={29},
	number={9},
	pages={2352--2449},
	year={2017},
	publisher={MIT Press}
}

@article{polsarzhang2017complex,
	title={Complex-valued convolutional neural network and its application in polarimetric SAR image classification},
	author={Zhang, Zhimian and Wang, Haipeng and Xu, Feng and Jin, Ya-Qiu},
	journal={IEEE Transactions on Geoscience and Remote Sensing},
	volume={55},
	number={12},
	pages={7177--7188},
	year={2017},
	publisher={IEEE}
}


@inproceedings{hansch2009classification,
	title={Classification of polarimetric SAR data by complex valued neural networks},
	author={H{\"a}nsch, Ronny and Hellwich, Olaf},
	booktitle={Proceedings of ISPRS Workshop, Hannover, Germany},
	year={2009}\begin{flushright}
	
	\end{flushright}
}


@inproceedings{hansch2010complex,
	title={Complex-valued convolutional neural networks for object detection in PolSAR data},
	author={Haensch, Ronny and Hellwich, Olaf},
	booktitle={Synthetic Aperture Radar (EUSAR), 2010 8th European Conference on},
	pages={1--4},
	year={2010},
	organization={VDE}
}

@inproceedings{wilmanski2016complex,
	title={Complex input convolutional neural networks for wide angle SAR ATR},
	author={Wilmanski, Michael and Kreucher, Chris and Hero, Alfred},
	booktitle={Signal and Information Processing (GlobalSIP), 2016 IEEE Global Conference on},
	pages={1037--1041},
	year={2016},
	organization={IEEE}
}



@article{gotcha,
	title={Gotcha Wide-Angle Synthetic Aperture Radar Dataset},
	url={https://www.sdms.afrl.af.mil/index.php?collection=gotcha}	
}

@book{hirose2012complex,
	title={Complex-valued neural networks},
	author={Hirose, Akira},
	volume={400},
	year={2012},
	publisher={Springer Science \& Business Media}
}

@article{danihelka2016associative,
	title={Associative long short-term memory},
	author={Danihelka, Ivo and Wayne, Greg and Uria, Benigno and Kalchbrenner, Nal and Graves, Alex},
	journal={arXiv preprint arXiv:1602.03032},
	year={2016}
}

@inproceedings{wisdom2016full,
	title={Full-capacity unitary recurrent neural networks},
	author={Wisdom, Scott and Powers, Thomas and Hershey, John and Le Roux, Jonathan and Atlas, Les},
	booktitle={Advances in Neural Information Processing Systems},
	pages={4880--4888},
	year={2016}
}

@inproceedings{oyallon2015deep,
	title={Deep roto-translation scattering for object classification.},
	author={Oyallon, Edouard and Mallat, St{\'e}phane},
	booktitle={CVPR},
	volume={3},
	pages={6},
	year={2015}
}

@article{bruna2015theoretical,
	title={A theoretical argument for complex-valued convolutional networks},
	author={Bruna, Joan and Chintala, Soumith and LeCun, Yann and Piantino, Serkan and Szlam, Arthur and Tygert, Mark},
	journal={CoRR abs/1503.03438},
	year={2015}
}

@inproceedings{worrall2017harmonic,
	title={Harmonic networks: Deep translation and rotation equivariance},
	author={Worrall, Daniel E and Garbin, Stephan J and Turmukhambetov, Daniyar and Brostow, Gabriel J},
	booktitle={Proc. IEEE Conf. on Computer Vision and Pattern Recognition (CVPR)},
	volume={2},
	year={2017}
}
